
@book{QuantApproach,
    author = "Patterson, David A.",
    title = "Computer Architecture: A Quantitative Approach",
    publisher = "Morgan Kaufmann",
    edition = "5",
    year = "2011",
    isbn = "978-8178672663"
}

@book{OrganizationAndDesign,
    author = "Patterson, David A. and Hennessy, John L.",
    title = "Computer Organization and Design, Fifth Edition: The Hardware/Software Interface",
    year = "2013",
    publisher = "Morgan Kaufmann Publishers Inc.",
    edition = "5",
    isbn = "0124077269"
}

% Andrew Waterman, Yunsup Lee, David Patterson, Krste Asanović, “The RISC-V Instruction Set Manual, Volume I: User-Level ISA Version 2.1”,
% Technical Report UCB/EECS-2016-118, EECS Department, University of California, Berkeley, May 31, 2016.
@book{riscvspec,
    author = "Andrew Waterman and Yunsup Lee and David Patterson",
    title = "The RISC-V Instruction Set Manual, Volume I: User-Level ISA Version 2.1",
    year = "2016",
    publisher = "EECS Department, University of California, Berkeley"
}

% https://github.com/riscv-non-isa/riscv-elf-psabi-doc
% `RISC-V ABIs Specification, Document Version 1.0', Editors Kito Cheng and Jessica
Clarke, RISC-V International, November 2022.
@misc{riscvabi,
    author = "Kito Cheng and Jessica Clarke",
    title = "RISC-V ABIs Specification, Document Version 1.0",
    year = "2022",
    publisher = "RISC-V Internationa"
}

@misc{http-rfc,
  added-at = {2006-07-02T00:05:26.000+0200},
  author = {Fielding, R. and Gettys, J. and Mogul, J.},
  biburl = {https://www.bibsonomy.org/bibtex/2623e3c2409685a7fcece0273b8ebf981/jil},
  interhash = {ea213e32619512cfc4bdeb5d92daf5e4},
  intrahash = {623e3c2409685a7fcece0273b8ebf981},
  keywords = {2616 http standard seminar2006 rfc},
  timestamp = {2013-11-23T20:11:51.000+0100},
  title = {RFC 2616, Hypertext Transfer Protocol -- HTTP/1.1},
  url = {http://www.rfc.net/rfc2616.html},
  year = 1999
}

@Website{htmlStandard,
  title = {HTML Living Standard},
  url = {https://html.spec.whatwg.org},
  year = 2024,
}

@techreport{cookies,
  author = {A. Barth},
  title = {HTTP State Management Mechanism},
  type = {RFC},
  number = 6265,
  year = {2011},
  issn = {2070-1721},
  url = {https://httpwg.org/specs/rfc6265.html#top}
}

@misc{tls,
    title = {The Transport Layer Security (TLS) Protocol Version 1.3},
    year = {2018},
    howpublished = {online},
    note = "Staženo: 1.5.2024",
    url = {https://datatracker.ietf.org/doc/html/rfc8446}
}

@book{riscvReader,
    author = "Patterson, David A. and Waterman, Andrew",
    title = "The RISC-V Reader: An Open Architecture Atlas",
    year = "2017",
    isbn = "0999249118"
}

% https://dl.acm.org/doi/pdf/10.1145/123465.123475
@inproceedings{adaptiveBranch,
    author = {Yeh, Tse-Yu and Patt, Yale N.},
    title = {Two-Level Adaptive Training Branch Prediction},
    year = {1991},
    isbn = {0897914600},
    publisher = {Association for Computing Machinery},
    address = {New York, NY, USA},
    url = {https://doi.org/10.1145/123465.123475},
    doi = {10.1145/123465.123475},
    booktitle = {Proceedings of the 24th Annual International Symposium on Microarchitecture},
    pages = {51–61},
    numpages = {11},
    location = {Albuquerque, New Mexico, Puerto Rico},
    series = {MICRO 24}
}

@inproceedings{branchStrategies,
author = {Smith, James E.},
title = {A Study of Branch Prediction Strategies},
year = {1981},
publisher = {IEEE Computer Society Press},
address = {Washington, DC, USA},
booktitle = {Proceedings of the 8th Annual Symposium on Computer Architecture},
pages = {135–148},
numpages = {14},
location = {Minneapolis, Minnesota, USA},
series = {ISCA '81}
}

@phdthesis{moshovos1998memory,
  title={Memory dependence prediction},
  author={Moshovos, Andreas},
  year={1998},
  school={PhD thesis, University of Wisconsin-Madison},
  url = {https://ftp.cs.wisc.edu/sohi/theses/moshovos.pdf},
}

% note, todo: smí se tohle citovat?
@misc{instructionTables,
    title={Optimization manuals: 4. Instruction tables: Lists of instruction latencies, throughputs and micro-operation breakdowns for Intel, AMD and VIA CPUs},
    journal={Software optimization resources. C++ and assembly. Windows, Linux, BSD, Mac OS X}, 
    author={Fog, Agner}, 
    year={2022},
    howpublished = {online},
    note = "Staženo: 2.5.2024",
    url = {https://www.agner.org/optimize}
} 

@misc{webAesthetics,
    title={Aesthetics and preferences of Web pages},
    author={Schenkman, B. and Jönsson, F.}, 
    year={2000},
    howpublished = {online},
    note = "Staženo: 2.5.2024",
    url = {https://www.researchgate.net/publication/228802769_Aesthetics_and_preferences_of_Web_pages}
} 

@article{pleasureInProduct,
title = {Human factors for pleasure in product use},
journal = {Applied Ergonomics},
volume = {29},
number = {1},
pages = {25-33},
year = {1998},
issn = {0003-6870},
doi = {https://doi.org/10.1016/S0003-6870(97)00022-7},
url = {https://www.sciencedirect.com/science/article/pii/S0003687097000227},
author = {Jordan, Patrick},
}

% HORKÝ, Jakub. Grafický simulátor superskalárních procesorů. Brno, 2023. Diplomová
% práce. Vysoké učení technické v Brně, Fakulta informačních technologií. Vedoucí práce doc.
% Ing. Jiří Jaroš, Ph.D.
@MastersThesis{horkySim,
    author = {Horký, Jakub},
    title = {Grafický simulátor superskalárních procesorů},
    school = {Vysoké učení technické v Brně, Fakulta informačních technologií},
    year = {2023},
    address = {Brno},
    type  = {Diplomová práce},
url = {https://www.vut.cz/www_base/zav_prace_soubor_verejne.php?file_id=252467},
}

% VÁVRA, Jan. Graphical Simulator of Superscalar Processors. Brno, 2021. Master’s thesis. Brno University of Technology, Faculty of Information Technology. Supervisor Doc.
% Ing. Jiří Jaroš, Ph.D.
% https://www.fit.vut.cz/study/thesis-file/21991/21991.pdf
@MastersThesis{vavraSim,
    author = {Vávra, Jan},
    title = {Graphical Simulator of Superscalar Processors},
    school = {Vysoké učení technické v Brně, Fakulta informačních technologií},
    year = {2021},
    address = {Brno},
    type  = {Diplomová práce},
url = {https://www.fit.vut.cz/study/thesis-file/21991/21991.pdf},
}

@inproceedings{cognitiveWalkthrough,
author = {Rieman, John and Franzke, Marita and Redmiles, David},
title = {Usability Evaluation with the Cognitive Walkthrough},
year = {1995},
isbn = {0897917553},
publisher = {Association for Computing Machinery},
address = {New York, NY, USA},
url = {https://doi.org/10.1145/223355.223735},
doi = {10.1145/223355.223735},
booktitle = {Conference Companion on Human Factors in Computing Systems},
pages = {387–388},
numpages = {2},
location = {Denver, Colorado, USA},
series = {CHI '95}
}

@INPROCEEDINGS{coreWebVitals,
  author={Wehner, Nikolas and Amir, Monisha and Seufert, Michael and Schatz, Raimund and Hoßfeld, Tobias},
  booktitle={2022 14th International Conference on Quality of Multimedia Experience (QoMEX)}, 
  title={A Vital Improvement? Relating Google's Core Web Vitals to Actual Web QoE}, 
  year={2022},
  volume={},
  number={},
  pages={1-6},
  doi={10.1109/QoMEX55416.2022.9900881}}

@article{interactivityDelay,
author = {Kaaresoja, Topi and Brewster, Stephen and Lantz, Vuokko},
title = {Towards the Temporally Perfect Virtual Button: Touch-Feedback Simultaneity and Perceived Quality in Mobile Touchscreen Press Interactions},
year = {2014},
issue_date = {July 2014},
publisher = {Association for Computing Machinery},
address = {New York, NY, USA},
volume = {11},
number = {2},
issn = {1544-3558},
url = {https://doi.org/10.1145/2611387},
doi = {10.1145/2611387},
month = {jun},
articleno = {9},
numpages = {25},
keywords = {touchscreen, tactile, feedback, mobile device, simultaneity, touch, Temporal perception, audio}
}

@misc{avs,
  title = {Studijní materiály předmětu AVS},
  author = {Jiří Jaroš},
  year = 2023
}

@misc{nextjsDocs,
  title = {Dokumentace softwaru Next.js},
  author = {{Vercel, Inc.}},
  url = {https://nextjs.org/docs},
  howpublished = {online},
  year = "2024",
  note = "Staženo: 1.5.2024"
}

@article{Dhakad2023AdoptingCI,
  title={Adopting Continuous Integration Practices to Achieve Quality in DevOps},
  author={Kavita Dhakad},
  journal={International Journal of Advanced Research in Science, Communication and Technology},
  year={2023},
  url={https://api.semanticscholar.org/CorpusID:256975037}
}
